@preprint{Vogler2014EIO,
  author    = {Ferenc Bujtor and Walter Vogler},
  title     = {Error-Pruning in Interface Automata},
  institution   = {Universität Augsburg},
  year      = {2014},
}

@preprint{Chilton2013,
  author    = {Chris Chilton and
               Bengt Jonsson and
               Marta Z. Kwiatkowska},
  title     = {An Algebraic Theory of Interface Automata},
  institution = {University of Oxford},
  year      = {2013},
}

@Bachelorsthesis{Schlosser2012BA,
  typn = {Bachelorarbeit},
  author = {Christoph Franz Schlosser},
  title = {EIO-Automaten mit Parallelkomposition ohne Internalisierung},
  institution = {Universität Augsburg},
  year = {2012},
}

@book{Lynch1996,
 author = {Lynch, Nancy A.},
 title = {Distributed Algorithms},
 year = {1996},
 isbn = {1558603484},
 publisher = {Morgan Kaufmann Publishers Inc.},
 address = {San Francisco, CA, USA},
}

@INPROCEEDINGS{Alfaro2004,
    author = {Luca De Alfaro and Thomas A. Henzinger},
    title = {Interface-based design},
    booktitle = {In Engineering Theories of Software Intensive Systems},
    year = {2004},
    publisher = {Kluwer}
}

@book{Milner1989,
  author    = {Robin Milner},
  title     = {Communication and concurrency},
  series    = {{PHI} Series in computer science},
  publisher = {Prentice Hall},
  year      = {1989},
  isbn      = {978-0-13-115007-2},
}

